@article{Coetzee,
    author    = "L. Coetzee and J. Eksteen",
    title     = "The Internet of Things - promise for the future? An introduction",
    year      = "2011",
    publisher = "Marine Cybernetics A.S." 
}

@book{Facebook,
    title     = "Number of Facebook users worldwide 2008-2018",
    year      = "2018",
    publisher = "Statista" 
}

@book{Marr,
    author    = "B. Marr",
    title     = "Why Everyone Must Get Ready For The 4th Industrial Revolution",
    year      = "2016",
    publisher = "Forbes.com" 
}

@book{Pontin,
    author    = "J. Pontin ",
    title     = "Bill Joyâ€™s Six Webs",
    year      = "2005",
    publisher = "MIT Technology Review" 
}

@article{Farooq,
  Title   = {A Review on Internet of Things (IoT)},
  Author  = {M. Farooq, M. Waseem, S. Mazhar, A. Khairi and T. Kamal},
  Journal = { International Journal of Computer Applications},
  Year    = {2015},
  Number  = {1},
  Volume  = {113},

}

@InProceedings{Thor4,
      Title                    = {A survey on nonlinear ship control: from theory to practice},
  Author                   = {Fossen, Thor I},
  Booktitle                = {Proceedings of the 5th IFAC Conference on Manoeuvring and Control of Marine Craft},
  Year                     = {2000},
  Pages                    = {23--25},

} 

@article{Trian,
    Title                    = {Maneuvering and control of marine vehicles},
  Author                   = {Triantafyllou, Michael S and Hover, Franz S},
  Journal                  = {Department of Ocean Engineering, Massachussets Institute of Technology, Cambridge, USA},
  Year                     = {2002},

}   
   
       
@article{Thor5,
    author =       "Tristan Perez, Thor I. Fossen ",
    title =        "Kinematic Model for Maneuvering and Seakeeping of marine vessels",
    journal =      "Modeling, Identification and Control",
    volume =       "28",
    number =       "1",
    year =         "2007"
}   


   
@article{Ching,
     Title                    = {Fundamental properties of linear ship steering dynamic models},
  Author                   = {Tzeng, C and Chen, Ju-Fen},
  Journal                  = {Journal of Marine Science and Technology},
  Year                     = {1999},
  Number                   = {2},
  Pages                    = {79--88},
  Volume                   = {7},

}

@article{Astrom,
      Title                    = {Identification of ship steering dynamics},
  Author                   = {{\AA}str{\"o}m, Karl Johan and K{\"a}llstr{\"o}m, CG},
  Journal                  = {Automatica},
  Year                     = {1976},
  Number                   = {1},
  Pages                    = {9--22},
  Volume                   = {12},


}

@article{Yoon,
    Title                    = {Identification of hydrodynamic coefficients in ship maneuvering equations of motion by estimation-before-modeling technique},
  Author                   = {Yoon, Hyeon Kyu and Rhee, Key Pyo},
  Journal                  = {Ocean Engineering},
  Year                     = {2003},
  Number                   = {18},
  Pages                    = {2379--2404},
  Volume                   = {30},

}     

@article{Perez1,
     Title                    = {Mathematical ship modelling for control applications},
  Author                   = {Perez, Tristan and Blanke, M},
  Publisher                = {{\O}rsted-DTU, Automation},
  Year                     = {2002},

}  

@article{Perez2,
    author =       "Tristan Perez, Thor I. Fossen ",
    title =        "Tutorial on Modelling and Simulation of Marine System Dynamics",
    journal =      "IFAC Conference on Control Applications in Marine Systems (CAMS)",
    volume =       "",
    number =       "",
    year =         "2007"
} 

@InProceedings{Perez3,
    Title                    = {A novel manoeuvering model based on low-aspect-ratio lift theory and Lagrangian mechanics},
  Author                   = {Ross, Andrew and Perez, Tristan and Fossen, Thor I},
  Booktitle                = {Proc. 7th IFAC Conf. Control Appl. Mar. Syst},
  Year                     = {2007},
  Pages                    = {229--234},

}

@InProceedings{Thor6,
      Title                    = {Adaptive feedback linearization applied to steering of ships},
  Author                   = {Fossen, Thor and Paulsen, Marit J and others},
  Booktitle                = {Control Applications, 1992., First IEEE Conference on},
  Year                     = {1992},
  Organization             = {IEEE},
  Pages                    = {1088--1093},

}

@InProceedings{Gutmann1,
     Title                    = {Amos: Comparison of scan matching approaches for self-localization in indoor environments},
  Author                   = {Gutmann, Jens-Steffen and Schlegel, Christian},
  Booktitle                = {Advanced Mobile Robot, 1996., Proceedings of the First Euromicro Workshop on},
  Year                     = {1996},
  Organization             = {IEEE},
  Pages                    = {61--67},

}

@InProceedings{Weiss1,
    Title                    = {A map based on laserscans without geometric interpretation},
  Author                   = {Wei{\ss}, Gerhard and Puttkamer, Ewald von},
  Booktitle                = {Intelligent Autonomous Systems},
  Year                     = {1995},
  Organization             = {IOS Press},
  Pages                    = {403--407},
  Volume                   = {4},

}

@article{Cox,
    Title                    = {Blanche-an experiment in guidance and navigation of an autonomous robot vehicle},
  Author                   = {Cox, Ingemar J},
  Journal                  = {Robotics and Automation, IEEE Transactions on},
  Year                     = {1991},
  Number                   = {2},
  Pages                    = {193--204},
  Volume                   = {7},

}

@InProceedings{Rofer,
    Title                    = {Building consistent laser scan maps},
  Author                   = {R{\"o}fer, Thomas},
  Booktitle                = {Proc. of the 4th European Workshop on Advanced Mobile Robots (Eurobot 2001)},
  Year                     = {2001},
  Pages                    = {83--90},
  Volume                   = {86},

}

@Book{Gutmann2,
 Title                    = {Robuste navigation autonomer mobiler systeme},
  Author                   = {Gutmann, Jens-Steffen},
  Publisher                = {Aka},
  Year                     = {2000},

}

@article{Weiss2,
     Title                    = {Keeping track of position and orientation of moving indoor systems by correlation of range-finder scans},
  Author                   = {Weiss, George and Wetzler, Christopher and Von Puttkamer, Ewald},
  Booktitle                = {Intelligent Robots and Systems' 94.'Advanced Robotic Systems and the Real World', IROS'94. Proceedings of the IEEE/RSJ/GI International Conference on},
  Year                     = {1994},
  Organization             = {IEEE},
  Pages                    = {595--601},
  Volume                   = {1},

}

@InProceedings{Nguyen,
   Title                    = {A comparison of line extraction algorithms using 2D laser rangefinder for indoor mobile robotics},
  Author                   = {Nguyen, Viet and Martinelli, Agostino and Tomatis, Nicola and Siegwart, Roland},
  Booktitle                = {Intelligent Robots and Systems, 2005.(IROS 2005). 2005 IEEE/RSJ International Conference on},
  Year                     = {2005},
  Organization             = {IEEE},
  Pages                    = {1929--1934},

}

@TechReport{Borenstein,
     Title                    = {Mobile robot positioning-sensors and techniques},
  Author                   = {Borenstein, Johann and Everett, Hobart R and Feng, Liqiang and Wehe, David},
  Institution              = {DTIC Document},
  Year                     = {1997},

}

@article{Diosi,
    author =       "Albert Diosi and Lindsay Kleeman",
    title =        "Scan Matching in Polar Coordinates with Application to SLAM",
    journal =      "MECSE-29-2005",
    volume =       "",
    number =       "",
    year =         "2005"
}

@article{Gutmann3,
     Title                    = {A fast, accurate and robust method for self-localization in polygonal environments using laser range finders},
  Author                   = {Gutmann, Jens-Steffen and Weigel, Thilo and Nebel, Bernhard},
  Journal                  = {Advanced Robotics},
  Year                     = {2001},
  Number                   = {8},
  Pages                    = {651--667},
  Volume                   = {14},

}

@article{Feng,
     Title                    = {Where am I? Sensors and methods for mobile robot positioning},
  Author                   = {Borenstein, Johann and Everett, HR and Feng, Liqiang and others},
  Journal                  = {University of Michigan},
  Year                     = {1996},
  Number                   = {120},
  Pages                    = {27},
  Volume                   = {119},

}

@article{Leonard,
   Title                    = {Mobile robot localization by tracking geometric beacons},
  Author                   = {Leonard, John J and Durrant-Whyte, Hugh F},
  Journal                  = {Robotics and Automation, IEEE Transactions on},
  Year                     = {1991},
  Number                   = {3},
  Pages                    = {376--382},
  Volume                   = {7},

}

@InProceedings{Konolige,
     Title                    = {A low-cost laser distance sensor},
  	 Author                   = {Konolige, Kurt and Augenbraun, Joseph and Donaldson, Nick and Fiebig, Charles and Shah, Pankaj},
  Booktitle                = {Robotics and Automation, 2008. ICRA 2008. IEEE International Conference on},
  Year                     = {2008},
  Organization             = {IEEE},
  Pages                    = {3002--3008},


}

@article{Lu,
    Title                    = {Shape registration using optimization for mobile robot navigation},
  Author                   = {Lu, Feng},
  School                   = {University of Toronto},
  Year                     = {1995},

}

@article{Hinkel,
     Title                    = {Laser Radar Dataprocessing and Environment Mapping for an Autonomous Mobile Robot},
  Author                   = {Hinkel, R and Knieriemen, T and Puttkamer, E v},
  Booktitle                = {ICSI 1988; International Computer Science Conference, Hong Kong, 19},
  Year                     = {1988},
  Pages                    = {457--464},

}

@InProceedings{Vukic1999,
  Title                    = {Comparative analysis of Mamdani and Sugeno type fuzzy autopilots for ships},
  Author                   = {Vukic, Z. and Velagic, J.},
  Booktitle                = {Control Conference (ECC), 1999 European},
  Year                     = {1999},
  Pages                    = {1369--1374}
}

@Article{Ishaque2011,
  Title                    = {A simplified approach to design fuzzy logic controller for an underwater vehicle},
  Author                   = {Ishaque, K and Abdullah, Shahrum Shah and Ayob, SM and Salam, Z},
  Journal                  = {Ocean Engineering},
  Year                     = {2011},
  Number                   = {1},
  Pages                    = {271--284},
  Volume                   = {38},

}

@Article{Layne1993,
  Title                    = {Fuzzy model reference learning control for cargo ship steering},
  Author                   = {Layne, Jeffery R and Passino, Kevin M},
  Journal                  = {Control Systems, IEEE},
  Year                     = {1993},
  Number                   = {6},
  Pages                    = {23--34},
  Volume                   = {13},

}

@Article{Broel-Plater2001,
  Title                    = {Fuzzy control for ship motion},
  Author                   = {Broel-Plater, Bogdan},
  Journal                  = {Annual of Navigation},
  Year                     = {2001},
  Pages                    = {31--40},
}

@Article{Ajofoyinbo2011,
  Title                    = {On development of fuzzy controller: The case of gaussian and triangular membership functions},
  Author                   = {Ajofoyinbo, Abayomi M and Olunloyo, Vincent OS and Ibidapo-Obe, Oye and others},
  Journal                  = {Journal of Signal and Information Processing},
  Year                     = {2011},
  Number                   = {04},
  Pages                    = {257},
  Volume                   = {2},


}

@InProceedings{Zirilli2002,
  Title                    = {Fuzzy course-keeping autopilot for ships},
  Author                   = {Zirilli, A and Tiano, A and Roberts, G and Sutton, R},
  Booktitle                = {15th Triennial World Congress, Barcelona, Spain},
  Year                     = {2002},
  Volume                   = {16},
}
@InProceedings{Nomoto1960,
  Title                    = {Analysis of Kempfâ€™s standard maneuver test and proposed steering quality indices},
  Author                   = {Nomoto, Kensaku},
  Booktitle                = {First Symposium on ShipManoeuvrability, DTRC Report},
  Year                     = {1960},
  Volume                   = {1461},

}

@Article{Nomoto1957,
  Title                    = {On the steering qualities of ships},
  Author                   = {Nomoto, Kensaku},
  Journal                  = {International Shipbuilding Progress},
  Year                     = {1957},
  Number                   = {35},
  Volume                   = {4},
}

@Article{Lopez2004,
  Title                    = {Full-scale manoeuvering trials simulation},
  Author                   = {L{\'o}pez, Elena and P{\'e}rez, Emiliano Moyano and Gonz{\'a}lez, Francisco Jes{\'u}s Velasco and Rodr{\'\i}guez, Teresa Montserrat Rueda},
  Journal                  = {Journal of maritime research: JMR},
  Year                     = {2004},
  Number                   = {3},
  Pages                    = {37--50},
  Volume                   = {1},

}


@Article{Lee2004,
  Title                    = {A fuzzy logic for autonomous navigation of marine vehicles satisfying COLREG guidelines},
  Author                   = {Lee, Sang-Min and Kwon, Kyung-Yub and Joh, Joongseon},
  Journal                  = {International Journal of Control Automation and Systems},
  Year                     = {2004},
  Pages                    = {171--181},
  Volume                   = {2},

}

